@article{DBLP:journals/corr/abs-1808-05326,
  author    = {Rowan Zellers and
               Yonatan Bisk and
               Roy Schwartz and
               Yejin Choi},
  title     = {{SWAG:} {A} Large-Scale Adversarial Dataset for Grounded Commonsense
               Inference},
  journal   = {CoRR},
  volume    = {abs/1808.05326},
  year      = {2018},
  url       = {http://arxiv.org/abs/1808.05326},
  archivePrefix = {arXiv},
  eprint    = {1808.05326},
  timestamp = {Wed, 23 Dec 2020 10:37:10 +0100},
  biburl    = {https://dblp.org/rec/journals/corr/abs-1808-05326.bib},
  bibsource = {dblp computer science bibliography, https://dblp.org}
}

@article{DBLP:journals/corr/abs-1806-03822,
  author    = {Pranav Rajpurkar and
               Robin Jia and
               Percy Liang},
  title     = {Know What You Don't Know: Unanswerable Questions for SQuAD},
  journal   = {CoRR},
  volume    = {abs/1806.03822},
  year      = {2018},
  url       = {http://arxiv.org/abs/1806.03822},
  archivePrefix = {arXiv},
  eprint    = {1806.03822},
  timestamp = {Mon, 13 Aug 2018 16:48:21 +0200},
  biburl    = {https://dblp.org/rec/journals/corr/abs-1806-03822.bib},
  bibsource = {dblp computer science bibliography, https://dblp.org}
}

@article{DBLP:journals/corr/abs-1808-05326,
  author    = {Rowan Zellers and
               Yonatan Bisk and
               Roy Schwartz and
               Yejin Choi},
  title     = {{SWAG:} {A} Large-Scale Adversarial Dataset for Grounded Commonsense
               Inference},
  journal   = {CoRR},
  volume    = {abs/1808.05326},
  year      = {2018},
  url       = {http://arxiv.org/abs/1808.05326},
  archivePrefix = {arXiv},
  eprint    = {1808.05326},
  timestamp = {Wed, 23 Dec 2020 10:37:10 +0100},
  biburl    = {https://dblp.org/rec/journals/corr/abs-1808-05326.bib},
  bibsource = {dblp computer science bibliography, https://dblp.org}
}

@article{DBLP:journals/corr/abs-1905-05460,
  author    = {Ming Ding and
               Chang Zhou and
               Qibin Chen and
               Hongxia Yang and
               Jie Tang},
  title     = {Cognitive Graph for Multi-Hop Reading Comprehension at Scale},
  journal   = {CoRR},
  volume    = {abs/1905.05460},
  year      = {2019},
  url       = {http://arxiv.org/abs/1905.05460},
  archivePrefix = {arXiv},
  eprint    = {1905.05460},
  timestamp = {Tue, 28 May 2019 12:48:08 +0200},
  biburl    = {https://dblp.org/rec/journals/corr/abs-1905-05460.bib},
  bibsource = {dblp computer science bibliography, https://dblp.org}
}

@misc{bahdanau2016neural,
      title={Neural Machine Translation by Jointly Learning to Align and Translate},
      author={Dzmitry Bahdanau and Kyunghyun Cho and Yoshua Bengio},
      year={2016},
      eprint={1409.0473},
      archivePrefix={arXiv},
      primaryClass={cs.CL}
}

@article{DBLP:journals/corr/VaswaniSPUJGKP17,
  author    = {Ashish Vaswani and
               Noam Shazeer and
               Niki Parmar and
               Jakob Uszkoreit and
               Llion Jones and
               Aidan N. Gomez and
               Lukasz Kaiser and
               Illia Polosukhin},
  title     = {Attention Is All You Need},
  journal   = {CoRR},
  volume    = {abs/1706.03762},
  year      = {2017},
  url       = {http://arxiv.org/abs/1706.03762},
  archivePrefix = {arXiv},
  eprint    = {1706.03762},
  timestamp = {Sat, 23 Jan 2021 01:20:40 +0100},
  biburl    = {https://dblp.org/rec/journals/corr/VaswaniSPUJGKP17.bib},
  bibsource = {dblp computer science bibliography, https://dblp.org}
}

@article{DBLP:journals/corr/abs-1810-04805,
  author    = {Jacob Devlin and
               Ming{-}Wei Chang and
               Kenton Lee and
               Kristina Toutanova},
  title     = {{BERT:} Pre-training of Deep Bidirectional Transformers for Language
               Understanding},
  journal   = {CoRR},
  volume    = {abs/1810.04805},
  year      = {2018},
  url       = {http://arxiv.org/abs/1810.04805},
  archivePrefix = {arXiv},
  eprint    = {1810.04805},
  timestamp = {Tue, 30 Oct 2018 20:39:56 +0100},
  biburl    = {https://dblp.org/rec/journals/corr/abs-1810-04805.bib},
  bibsource = {dblp computer science bibliography, https://dblp.org}
}

@misc{hinton2015distilling,
      title={Distilling the Knowledge in a Neural Network},
      author={Geoffrey Hinton and Oriol Vinyals and Jeff Dean},
      year={2015},
      eprint={1503.02531},
      archivePrefix={arXiv},
      primaryClass={stat.ML}
}

@misc{gupta2020compression,
      title={Compression of Deep Learning Models for Text: A Survey},
      author={Manish Gupta and Puneet Agrawal},
      year={2020},
      eprint={2008.05221},
      archivePrefix={arXiv},
      primaryClass={cs.CL}
}

@article{DBLP:journals/corr/abs-1909-10351,
  author    = {Xiaoqi Jiao and
               Yichun Yin and
               Lifeng Shang and
               Xin Jiang and
               Xiao Chen and
               Linlin Li and
               Fang Wang and
               Qun Liu},
  title     = {TinyBERT: Distilling {BERT} for Natural Language Understanding},
  journal   = {CoRR},
  volume    = {abs/1909.10351},
  year      = {2019},
  url       = {http://arxiv.org/abs/1909.10351},
  archivePrefix = {arXiv},
  eprint    = {1909.10351},
  timestamp = {Fri, 27 Sep 2019 13:04:21 +0200},
  biburl    = {https://dblp.org/rec/journals/corr/abs-1909-10351.bib},
  bibsource = {dblp computer science bibliography, https://dblp.org}
}

@misc{tay2020efficient,
      title={Efficient Transformers: A Survey},
      author={Yi Tay and Mostafa Dehghani and Dara Bahri and Donald Metzler},
      year={2020},
      eprint={2009.06732},
      archivePrefix={arXiv},
      primaryClass={cs.LG}
}

@inproceedings{Lan2020ALBERT,
    title={ALBERT: A Lite BERT for Self-supervised Learning of Language Representations},
    author={Zhenzhong Lan and Mingda Chen and Sebastian Goodman and Kevin Gimpel and Piyush Sharma and Radu Soricut},
    booktitle={International Conference on Learning Representations},
    year={2020},
    url={https://openreview.net/forum?id=H1eA7AEtvS}
}

@inproceedings{
    Kitaev2020Reformer:,
    title={Reformer: The Efficient Transformer},
    author={Nikita Kitaev and Lukasz Kaiser and Anselm Levskaya},
    booktitle={International Conference on Learning Representations},
    year={2020},
    url={https://openreview.net/forum?id=rkgNKkHtvB}
}

@article{DBLP:journals/corr/abs-1709-02755,
  author    = {Tao Lei and
               Yu Zhang and
               Yoav Artzi},
  title     = {Training RNNs as Fast as CNNs},
  journal   = {CoRR},
  volume    = {abs/1709.02755},
  year      = {2017},
  url       = {http://arxiv.org/abs/1709.02755},
  archivePrefix = {arXiv},
  eprint    = {1709.02755},
  timestamp = {Mon, 13 Aug 2018 16:46:29 +0200},
  biburl    = {https://dblp.org/rec/journals/corr/abs-1709-02755.bib},
  bibsource = {dblp computer science bibliography, https://dblp.org}
}

@article{DBLP:journals/corr/abs-1904-10509,
  author    = {Rewon Child and
               Scott Gray and
               Alec Radford and
               Ilya Sutskever},
  title     = {Generating Long Sequences with Sparse Transformers},
  journal   = {CoRR},
  volume    = {abs/1904.10509},
  year      = {2019},
  url       = {http://arxiv.org/abs/1904.10509},
  archivePrefix = {arXiv},
  eprint    = {1904.10509},
  timestamp = {Thu, 02 May 2019 15:13:44 +0200},
  biburl    = {https://dblp.org/rec/journals/corr/abs-1904-10509.bib},
  bibsource = {dblp computer science bibliography, https://dblp.org}
}

@misc{gordon_2019,
    author = "Mitchell A. Gordon",
    title = "Do We Really Need Model Compression?",
    year = "2020",
    howpublished="http://mitchgordon.me/machine/learning/2020/01/13/do-we-really-need-model-compression.html",
}

@inproceedings{
    liu2018rethinking,
    title={Rethinking the Value of Network Pruning},
    author={Zhuang Liu and Mingjie Sun and Tinghui Zhou and Gao Huang and Trevor Darrell},
    booktitle={International Conference on Learning Representations},
    year={2019},
    url={https://openreview.net/forum?id=rJlnB3C5Ym},
}

@article{DBLP:journals/corr/abs-1902-02181,
  author    = {Andrea Galassi and
               Marco Lippi and
               Paolo Torroni},
  title     = {Attention, please! {A} Critical Review of Neural Attention Models
               in Natural Language Processing},
  journal   = {CoRR},
  volume    = {abs/1902.02181},
  year      = {2019},
  url       = {http://arxiv.org/abs/1902.02181},
  archivePrefix = {arXiv},
  eprint    = {1902.02181},
  timestamp = {Wed, 25 Sep 2019 17:52:35 +0200},
  biburl    = {https://dblp.org/rec/journals/corr/abs-1902-02181.bib},
  bibsource = {dblp computer science bibliography, https://dblp.org}
}

@article{weng2018attention,
  title   = "Attention? Attention!",
  author  = "Weng, Lilian",
  journal = "lilianweng.github.io/lil-log",
  year    = "2018",
  url     = "http://lilianweng.github.io/lil-log/2018/06/24/attention-attention.html"
}
