@misc{gehring2017convolutional,
      title={Convolutional Sequence to Sequence Learning},
      author={Jonas Gehring and Michael Auli and David Grangier and Denis Yarats and Yann N. Dauphin},
      year={2017},
      eprint={1705.03122},
      archivePrefix={arXiv},
      primaryClass={cs.CL}
}

@misc{bahdanau2016neural,
      title={Neural Machine Translation by Jointly Learning to Align and Translate},
      author={Dzmitry Bahdanau and Kyunghyun Cho and Yoshua Bengio},
      year={2016},
      eprint={1409.0473},
      archivePrefix={arXiv},
      primaryClass={cs.CL}
}
